@Book{cassandras,
 author = {Cassandras, Christos G. and Lafortune, St{\'e}phane},
 title = {Introduction to discrete event systems},
 publisher = {Kluwer Academic},
 year = {1999},
 address = {Boston},
 isbn = {0792386094}
}

@Book{hopcroft,
 author = {Hopcroft, John E. and Motwani, Rajeev and Ullman, Jeffrey D.},
 title = {Introduction to automata theory, languages, and computation},
 publisher = {Pearson/Addison Wesley},
 year = {2007},
 address = {Boston},
 isbn = {0321455363}
 }

@Book{menezes,
 author = {Menezes, Paulo F. B.},
 title = {Linguagens formais e aut{\^o}matos},
 publisher = {Sagra-Luzzatto},
 year = {2005},
 address = {Porto Alegre},
 isbn = {8524105542}
 }

@Book{aurelio,
	author = {Ferreira, AureÃÅlio B. de H.},
	title = {M{\'i}ni Aur{\'e}lio: o dicion{\'a}rio da l{\'i}ngua portuguesa},
	publisher = {Editora Positivo},
	year = {2010},
	address = {Curitiba},
	isbn = {978853854240-7}
}

@Monography{victor,
	author = {Ferreira, Victor Luiz},
	title = {Coordenacao de multiplas aeronaves nao tripuladas baseada na alocacao dinamica de tarefas associadas a logistica de entregas},
	year = {2019},
	school = {Universidade do Estado de Santa Catarina},
	url = {http://sistemabu.udesc.br/pergamumweb/vinculos/000071/0000714c.pdf},
	urlaccessdate = {16 out. 2019}
}

@Book{chlipala,
	author = {Chlipala, Adam},
	title = {Certified programming with dependent types: a pragmatic introduction to the Coq proof assistant},
	publisher = {The MIT Press},
	year = {2013},
	address = {Cambridge, MA},
	isbn = {9780262026659}
}