@monography{rafael_tcc,
  title={Vis{\~a}o Categ{\'o}rica do Sistema de Tipos de Haskell},
  author={Silva, Rafael Castro Gon{\c{c}}alves},
  type={Trabalho de Conclusão de Curso},
  school={Bacharelado em Ciência da Computação, Universidade do Estado de Santa Catarina},
  address={Joinville},
  year={2017},
  url={http://sistemabu.udesc.br/pergamumweb/vinculos/000043/000043b8.pdf},
  urlaccessdate={12 mar. 2021}
}

@book{hopcroft,
	author = {Hopcroft, John E. and Motwani, Rajeev and Ullman, Jeffrey D.},
	title = {Introduction to automata theory, languages, and computation},
	publisher = {Pearson/Addison Wesley},
	year = {2006},
	address = {Boston},
	edition = {3}
}

@article{van2007practical,
  title={The Practical Performance of Automata Minimization Algorithms},
  author={van der Veen, Erin and Rot, JC and Geuvers, JH},
  journal={Comparative Study of Performance of Tabulation and Partition},
  volume={27},
  year={2007},
  url={http://www.cs.ru.nl/bachelors-theses/2017/Erin_van_der_Veen___4431200___The_Practical_Performance_of_Automata_Minimization_Algorithms.pdf},
  urlaccessdate={8 jul. 2021}
}

@inproceedings{blot2016sets,
  title={From sets to bits in Coq},
  author={Blot, Arthur and Dagand, Pierre-{\'E}variste and Lawall, Julia},
  booktitle={International Symposium on Functional and Logic Programming},
  pages={12--28},
  year={2016},
  organization={Springer},
  urlaccessdate={9 jul. 2021}
}